@article{dong2025buildaitutoradapt,
  author    = {Chenxi Dong and Yimin Yuan and Kan Chen and Shupei Cheng and Chujie Wen},
  title     = {How to Build an {AI} Tutor That Can Adapt to Any Course Using Knowledge Graph-Enhanced Retrieval-Augmented Generation ({KG-RAG})},
  journal   = {arXiv preprint arXiv:2311.17696},
  year      = {2025},
  url       = {https://arxiv.org/abs/2311.17696},
}

@article{Messer2024,
  author    = {Marcus Messer and Neil C. C. Brown and Michael Kölling and Miaojing Shi},
  title     = {Automated Grading and Feedback Tools for Programming Education: {A} Systematic Review},
  journal   = {ACM Transactions on Computing Education},
  volume    = {24},
  number    = {1},
  pages     = {10},
  year      = {2024},
  doi       = {https://doi.org/10.1145/3636515},
}

@article{Hanafi2023,
  author    = {Hafizul Hanafi and Abu Selamat and Miharaini Ghani and Wan Mustafa and Mohd Harun and Fatin Naning and Miftachul Huda and Ahmed Alkhayyat},
  title     = {A Review of Learner’s Model for Programming in Teaching and Learning},
  journal   = {Journal of Advanced Research in Applied Sciences and Engineering Technology},
  volume    = {33},
  number    = {3},
  pages     = {169--184},
  year      = {2023},
  doi       = {https://doi.org/10.37934/araset.33.3.169184},
}

@inproceedings{Gabbay2022,
  author    = {Hagit Gabbay and Anat Cohen},
  title     = {Investigating the Effect of Automated Feedback on Learning Behavior in {MOOCs} for Programming},
  booktitle = {Proceedings of the 2022 International Conference on Educational Technology},
  year      = {2022},
  doi       = {https://doi.org/10.5281/zenodo.6853125},
}

@article{coto02012022,
  author    = {Mayela Coto and Sonia Mora and Beatriz Grass and Juan Murillo-Morera},
  title     = {Emotions and Programming Learning: Systematic Mapping},
  journal   = {Computer Science Education},
  volume    = {32},
  number    = {1},
  pages     = {30--65},
  year      = {2022},
  publisher = {Routledge},
  doi       = {10.1080/08993408.2021.1920816},
}

@mastersthesis{overklift2019,
  author    = {Thomas Overklift},
  title     = {Intelligent Agents That Support Students with Self-Study},
  school    = {Delft University of Technology},
  year      = {2019},
  month     = {June},
}

@book{proskuraLytvynova2020,
  author    = {Svitlana L. Proskura and Svitlana G. Lytvynova},
  title     = {Organization of Independent Studying of Future Bachelors in Computer Science within Higher Education Institutions of Ukraine},
  publisher = {National Technical University of Ukraine “Igor Sikorsky Kyiv Polytechnic Institute” and Institute of Information Technologies and Learning Tools},
  address   = {Kyiv, Ukraine},
  year      = {2020},
}

@article{duran2021clt,
  author    = {Rodrigo Duran and Albina Zavgorodniaia and Juha Sorva},
  title     = {Cognitive Load Theory in Computing Education Research: A Review},
  year      = {2021},
  note      = {Preprint},
}

@book{vygotsky1978mind,
  author    = {Lev Semenovich Vygotsky and Michael Cole},
  title     = {Mind in Society: Development of Higher Psychological Processes},
  publisher = {Harvard University Press},
  year      = {1978},
}

@article{ericsson1993deliberate,
  author    = {K. Anders Ericsson and Ralf T. Krampe and Clemens Tesch-R{\"o}mer},
  title     = {The Role of Deliberate Practice in the Acquisition of Expert Performance},
  journal   = {Psychological Review},
  volume    = {100},
  number    = {3},
  pages     = {363--406},
  year      = {1993},
}

@article{duckworth2013true,
  author    = {Angela Lee Duckworth and Lauren Eskreis-Winkler},
  title     = {True Grit},
  journal   = {APS Observer},
  volume    = {26},
  year      = {2013},
}

@article{rosenzweig2019expectancy,
  author    = {Emily Q. Rosenzweig and Allan Wigfield and Jacquelyne S. Eccles},
  title     = {Expectancy-Value Theory and Its Relevance for Student Motivation and Learning},
  year      = {2019},
}

@article{bandura1977self,
  author    = {Albert Bandura},
  title     = {Self-Efficacy: Toward a Unifying Theory of Behavioral Change},
  journal   = {Psychological Review},
  volume    = {84},
  number    = {2},
  pages     = {191--215},
  year      = {1977},
}

@inproceedings{allen2018msp,
  author    = {Joe Michael Allen and Frank Vahid and Kelly Downey and Alex Daniel Edgcomb},
  title     = {Weekly Programs in a CS1 Class: Experiences with Auto-Graded Many-Small Programs (MSP)},
  booktitle = {2018 ASEE Annual Conference \& Exposition},
  year      = {2018},
}

@inproceedings{vihavainen2011extreme,
  author    = {Arto Vihavainen and Matti Paksula and Matti Luukkainen},
  title     = {Extreme Apprenticeship Method in Teaching Programming for Beginners},
  booktitle = {Proceedings of the 42nd ACM Technical Symposium on Computer Science Education},
  pages     = {93--98},
  year      = {2011},
}

@inproceedings{leinonen2021exploring,
  author    = {Juho Leinonen and Paul Denny and Jacqueline Whalley},
  title     = {Exploring the Effects of Contextualized Problem Descriptions on Problem Solving},
  booktitle = {Australasian Computing Education Conference (ACE '21)},
  pages     = {30--39},
  publisher = {Association for Computing Machinery},
  year      = {2021},
}

@article{lobb2016coderunner,
  author    = {Richard Lobb and Jenny Harlow},
  title     = {Coderunner: A Tool for Assessing Computer Programming Skills},
  journal   = {ACM Inroads},
  volume    = {7},
  number    = {1},
  pages     = {47--51},
  year      = {2016},
  month     = {Feb},
}

@inproceedings{wrenn2018whotests,
  author    = {John Wrenn and Shriram Krishnamurthi and Kathi Fisler},
  title     = {Who Tests the Testers?},
  booktitle = {Proceedings of the 2018 ACM Conference on International Computing Education Research (ICER '18)},
  pages     = {51--59},
  publisher = {Association for Computing Machinery},
  address   = {New York, NY, USA},
  year      = {2018},
}

@article{hattie2007power,
  author    = {John Hattie and Helen Timperley},
  title     = {The Power of Feedback},
  journal   = {Review of Educational Research},
  volume    = {77},
  number    = {1},
  pages     = {81--112},
  year      = {2007},
}

@article{vollmeyer2005surprising,
  author    = {Regina Vollmeyer and Falko Rheinberg},
  title     = {A Surprising Effect of Feedback on Learning},
  journal   = {Learning and Instruction},
  volume    = {15},
  number    = {6},
  pages     = {589--602},
  year      = {2005},
}

@article{shute2008focus,
  author    = {Valerie J. Shute},
  title     = {Focus on Formative Feedback},
  journal   = {Review of Educational Research},
  volume    = {78},
  number    = {1},
  pages     = {153--189},
  year      = {2008},
}

@inproceedings{Sarsa_2022,
  author    = {Sami Sarsa and Paul Denny and Arto Hellas and Juho Leinonen},
  title     = {Automatic Generation of Programming Exercises and Code Explanations Using Large Language Models},
  booktitle = {Proceedings of the 2022 ACM Conference on International Computing Education Research - Volume 1 (ICER 2022)},
  pages     = {27--43},
  publisher = {ACM},
  year      = {2022},
  month     = {August},
  doi       = {10.1145/3501385.3543957},
}

@article{JOHNLEMAY2021100056,
  author    = {David John Lemay and Ram B. Basnet and Tenzin Doleck and Paul Bazelais and Anoop Saxena},
  title     = {Instructional Interventions for Computational Thinking: Examining the Link Between Computational Thinking and Academic Performance},
  journal   = {Computers and Education Open},
  volume    = {2},
  pages     = {100056},
  year      = {2021},
  doi       = {10.1016/j.caeo.2021.100056},
}

@misc{python,
  author    = {{Python Software Foundation}},
  title     = {Python Documentation},
  year      = {2025},
  url       = {https://www.python.org/doc/},
  note      = {Accessed: January 19, 2025},
}

@misc{java-api,
  author    = {{Oracle}},
  title     = {Java Platform, Standard Edition Documentation},
  year      = {2025},
  url       = {https://docs.oracle.com/javase/},
  note      = {Accessed: January 19, 2025},
}

@misc{microsoft-docs,
  author    = {{Microsoft}},
  title     = {Microsoft Docs – Developer Documentation},
  year      = {2025},
  url       = {https://learn.microsoft.com/},
  note      = {Accessed: January 19, 2025},
}

@misc{stackoverflow,
  author    = {{Stack Overflow}},
  title     = {Where Developers Learn, Share, \& Build Careers},
  year      = {2025},
  url       = {https://stackoverflow.com/},
  note      = {Accessed: January 19, 2025},
}

@misc{reddit,
  author    = {{Reddit}},
  title     = {Dive into Anything},
  year      = {2025},
  url       = {https://www.reddit.com/},
  note      = {Accessed: January 19, 2025},
}

@misc{hackerrank,
  author    = {{HackerRank}},
  title     = {Practice Coding. Compete. Get Hired},
  year      = {2025},
  url       = {https://www.hackerrank.com/},
  note      = {Accessed: January 19, 2025},
}

@misc{leetcode,
  author    = {{LeetCode}},
  title     = {Level Up Your Coding Skills and Prepare for Interviews},
  year      = {2025},
  url       = {https://leetcode.com/},
  note      = {Accessed: January 19, 2025},
}

@misc{youtube,
  author    = {{YouTube}},
  title     = {YouTube – Video Sharing Platform},
  year      = {2025},
  url       = {https://www.youtube.com/},
  note      = {Accessed: January 19, 2025},
}

@misc{geeksforgeeks,
  author    = {{GeeksforGeeks}},
  title     = {A Computer Science Portal for Geeks},
  year      = {2025},
  url       = {https://www.geeksforgeeks.org/},
  note      = {Accessed: January 19, 2025},
}

@misc{chatgpt,
  author    = {{OpenAI}},
  title     = {ChatGPT},
  year      = {2025},
  url       = {https://openai.com/chatgpt},
  note      = {Accessed: January 19, 2025},
}

@misc{copilot,
  author    = {{Microsoft}},
  title     = {GitHub Copilot},
  year      = {2025},
  url       = {https://github.com/features/copilot},
  note      = {Accessed: January 19, 2025},
}

@misc{plan_estudio_e_2017,
  author    = {{Universidad de La Habana}},
  title     = {Plan de Estudio ``E'' de la carrera de Ciencia de la Computación},
  year      = {2017},
  pages     = {172--176},
}

@book{katrib_programar,
  author    = {Miguel Katrib},
  title     = {Empezar a Programar: Un Enfoque Multiparadigma con C\#},
  year      = {2020},
  publisher = {Universidad de La Habana},
  note      = {Con la colaboración de Ludwig Leonard, Leonardo Paneque, Alejandro Piad, Lester Sánchez y Alejandro Tamayo},
}

@article{Medeiros2019,
  author    = {R. P. Medeiros and G. L. Ramalho and T. P. Falcão},
  title     = {A Systematic Literature Review on Teaching and Learning Introductory Programming in Higher Education},
  journal   = {IEEE Transactions on Education},
  volume    = {62},
  number    = {2},
  pages     = {77--90},
  year      = {2019},
  month     = {May},
  doi       = {10.1109/TE.2018.2864133},
}

@book{NAS2018,
  author    = {{National Academies of Sciences, Engineering, and Medicine}},
  title     = {Assessing and Responding to the Growth of Computer Science Undergraduate Enrollments},
  publisher = {National Academies Press},
  year      = {2018},
  doi       = {10.17226/24926},
}

@inproceedings{wong2022,
  author    = {David Wong-Aitken and Diana Cukierman and Parmit K. Chilana},
  title     = {``It Depends on Whether or Not I'm Lucky'' How Students in an Introductory Programming Course Discover, Select, and Assess the Utility of Web-Based Resources},
  booktitle = {Proceedings of the 27th ACM Conference on Innovation and Technology in Computer Science Education Vol. 1},
  pages     = {512--518},
  publisher = {Association for Computing Machinery},
  year      = {2022},
  doi       = {10.1145/3502718.3524751},
}

@book{Albahari2017,
  author    = {Joseph Albahari and Ben Albahari},
  title     = {C\# 7.0 in a Nutshell: The Definitive Reference},
  publisher = {O'Reilly Media},
  year      = {2017},
}

@book{Troelsen2021,
  author    = {Andrew Troelsen and Philip Japikse},
  title     = {Pro C\# 9 with .NET 5: Foundational Principles and Practices in Programming},
  publisher = {Apress},
  year      = {2021},
}

@misc{vscode,
  author    = {{Visual Studio Code}},
  title     = {Documentación oficial de Visual Studio Code},
  year      = {2025},
  url       = {https://code.visualstudio.com/},
  note      = {Consultado el 29/1/2025},
}

@misc{cs50_harvard,
  author    = {{Harvard University}},
  title     = {CS50: Introduction to Computer Science},
  year      = {2023},
  url       = {https://cs50.harvard.edu/x/},
  note      = {Plataforma: edX},
}

@misc{mit_60001,
  author    = {{Massachusetts Institute of Technology (MIT)}},
  title     = {Introduction to Computer Science and Programming in Python},
  year      = {2016},
  url       = {https://ocw.mit.edu/courses/6-0001-introduction-to-computer-science-and-programming-in-python-fall-2016/},
  note      = {Plataforma: edX (MIT OpenCourseWare)},
}

@book{harris2010digital,
  title={Digital Design and Computer Architecture},
  author={Harris, David and Harris, Sarah},
  year={2010},
  publisher={Morgan Kaufmann Publishers Inc.}
}

@article{harris1954distributional,
  title={Distributional Structure},
  author={Harris, Zellig S.},
  journal={Word},
  volume={10},
  number={2-3},
  pages={146--162},
  year={1954}
}

@inbook{rajaraman2011data,
  title={Data Mining},
  author={Rajaraman, Anand and Ullman, Jeffrey David},
  year={2011},
  publisher={Cambridge University Press},
  pages={1--17}
}

@article{vaswani2017attention,
  title={Attention Is All You Need},
  author={Vaswani, Ashish and Shazeer, Noam and Parmar, Niki and Uszkoreit, Jakob and Jones, Llion and Gomez, Aidan N. and Kaiser, Lukasz and Polosukhin, Illia},
  journal={arXiv preprint arXiv:1706.03762},
  year={2023},
  url={https://arxiv.org/abs/1706.03762}
}

@article{zhang2023sirenssongaiocean,
  title={Siren's Song in the AI Ocean: A Survey on Hallucination in Large Language Models},
  author={Zhang, Yue and Li, Yafu and Cui, Leyang and Cai, Deng and Liu, Lemao and Fu, Tingchen and Huang, Xinting and Zhao, Enbo and Zhang, Yu and Chen, Yulong and Wang, Longyue and Luu, Anh Tuan and Bi, Wei and Shi, Freda and Shi, Shuming},
  journal={arXiv preprint arXiv:2309.01219},
  year={2023},
  url={https://arxiv.org/abs/2309.01219}
}

@article{gong2020recurrentchunkingmechanismslongtext,
  title={Recurrent Chunking Mechanisms for Long-Text Machine Reading Comprehension},
  author={Gong, Hongyu and Shen, Yelong and Yu, Dian and Chen, Jianshu and Yu, Dong},
  journal={arXiv preprint arXiv:2005.08056},
  year={2020},
  url={https://arxiv.org/abs/2005.08056}
}

@article{makridakis2023largelanguagemodels,
  title={Large Language Models: Their Success and Impact},
  author={Makridakis, Spyros and Petropoulos, Fotios and Kang, Yanfei},
  journal={Forecasting},
  volume={5},
  pages={536--549},
  year={2023},
  url={https://doi.org/10.3390/forecast5030030}
}

@misc{nltk2001,
  title={NLTK},
  author={NLTK},
  year={2001},
  url={https://www.nltk.org/}
}

@misc{spacy2016,
  title={spaCy},
  author={Explosion},
  year={2016},
  url={https://spacy.io/}
}

@misc{openai2022textembada,
  title={Text-Emb-Ada},
  author={OpenAI},
  year={2022},
  url={https://platform.openai.com/docs/guides/embeddings}
}

@article{johnson2021billion,
  title={Billion-scale similarity search with GPUs},
  author={Johnson, Jeff and Douze, Matthijs and Jégou, Hervé},
  journal={arXiv preprint arXiv:1702.08734},
  year={2017},
  url={https://arxiv.org/abs/1702.08734}
}

@misc{openai_api,
  title={OpenAI API},
  author={OpenAI},
  year={2022},
  url={https://platform.openai.com/}
}

@misc{gemini_model,
  title={Gemini AI},
  author={Google DeepMind},
  year={2023},
  url={https://aistudio.google.com/}
}

@article{gao2024retrievalaugmentedgenerationlargelanguage,
  title={Retrieval-Augmented Generation for Large Language Models: A Survey},
  author={Gao, Yunfan and Xiong, Yun and Gao, Xinyu and Jia, Kangxiang and Pan, Jinliu and Bi, Yuxi and Dai, Yi and Sun, Jiawei and Wang, Meng and Wang, Haofen},
  journal={arXiv preprint arXiv:2312.10997},
  year={2024},
  url={https://arxiv.org/abs/2312.10997}
}

@article{sahoo2024systematicsurveypromptengineering,
  title={A Systematic Survey of Prompt Engineering in Large Language Models: Techniques and Applications},
  author={Sahoo, Pranab and Singh, Ayush Kumar and Saha, Sriparna and Jain, Vinija and Mondal, Samrat and Chadha, Aman},
  journal={arXiv preprint arXiv:2402.07927},
  year={2024},
  url={https://arxiv.org/abs/2402.07927}
}

@article{mortaheb2025rerankingcontextmultimodalretrieval,
  title={Re-ranking the Context for Multimodal Retrieval Augmented Generation},
  author={Mortaheb, Matin and Khojastepour, Mohammad A. Amir and Chakradhar, Srimat T. and Ulukus, Sennur},
  journal={arXiv preprint arXiv:2501.04695},
  year={2025},
  url={https://arxiv.org/abs/2501.04695}
}

@article{han2023comprehensivesurveyvectordatabase,
  title={A Comprehensive Survey on Vector Database: Storage and Retrieval Technique, Challenge},
  author={Han, Yikun and Liu, Chunjiang and Wang, Pengfei},
  journal={arXiv preprint arXiv:2310.11703},
  year={2023},
  url={https://arxiv.org/abs/2310.11703}
}

@article{wu2024retrievalaugmentedgenerationnaturallanguage,
  title={Retrieval-Augmented Generation for Natural Language Processing: A Survey},
  author={Wu, Shangyu and Xiong, Ying and Cui, Yufei and Wu, Haolun and Chen, Can and Yuan, Ye and Huang, Lianming and Liu, Xue and Kuo, Tei-Wei and Guan, Nan and Xue, Chun Jason},
  journal={arXiv preprint arXiv:2407.13193},
  year={2024},
  url={https://arxiv.org/abs/2407.13193}
}

@misc{rodriguez,
  author = {Fernando Rodríguez Flores},
  title = {Comunicación personal},
  year = {2025},
  note = {Conversación sobre el curso de Matemática Numérica}
}

@misc{postgresql,
  author = {{The PostgreSQL Global Development Group}},
  title = {PostgreSQL: The World's Most Advanced Open Source Relational Database},
  year = {2023},
  howpublished = {URL: \url{https://www.postgresql.org/}},
  note = {Consultado el 1/2/2025}
}

@misc{Telegram,
  author = {Telegram},
  title = {Telegram: A New Era of Messaging},
  year = {2025},
  howpublished = {\url{https://telegram.org}},
  note = {Accedido el 5 de febrero de 2025},
}

@article{wing2006computational,
  title={Computational thinking},
  author={Wing, Jeannette M},
  journal={Communications of the ACM},
  volume={49},
  number={3},
  pages={33--35},
  year={2006},
  publisher={ACM New York, NY, USA}
}

@article{resnick2009scratch,
  title={Scratch: programming for all},
  author={Resnick, Mitchel and Maloney, John and Monroy-Hern{\'a}ndez, Andr{\'e}s and Rusk, Natalie and Eastmond, Evelyn and Brennan, Karen and Millner, Amon and Rosenbaum, Eric and Silver, Jay and Silverman, Brian and others},
  journal={Communications of the ACM},
  volume={52},
  number={11},
  pages={60--67},
  year={2009},
  publisher={ACM New York, NY, USA}
}